

@article{stoica2001chord,
  title={Chord: A scalable peer-to-peer lookup service for internet applications},
  author={Stoica, Ion and Morris, Robert and Karger, David and Kaashoek, M Frans and Balakrishnan, Hari},
  journal={ACM SIGCOMM Computer Communication Review},
  volume={31},
  number={4},
  pages={149--160},
  year={2001},
  publisher={ACM}
}


@article{kleinberg2000navigation,
  title={Navigation in a small world},
  author={Kleinberg, Jon M},
  journal={Nature},
  volume={406},
  number={6798},
  pages={845--845},
  year={2000},
  publisher={Nature Publishing Group}
}